

@misc{RCNN,
 author = {{Ross Girshick, Jeff Donahue, Trevor Darrell, Jitendra Malik}},
 title = {Rich feature hierarchies for accurate object detection and semantic segmentation},
 note = {Supplied as additional material {\tt reference/1311.2524.pdf}},
 year = 2013
}

@misc{FasterRCNN,
 author = {{Shaoqing Ren, Kaiming He, Ross Girshick, Jian Sun}},
 title = {Faster R-CNN: Towards Real-Time Object Detection with Region Proposal Networks},
 note = {Supplied as additional material {\tt reference/1506.01497.pdf}},
 year = 2015
}

@misc{MaskRCNN,
 author = {{Kaiming He, Georgia Gkioxari, Piotr Doll√°r, Ross Girshick}},
 title = {Mask R-CNN},
 note = {Supplied as additional material {\tt reference/1703.06870.pdf}},
 year = 2017
}

@misc{SpatialCNN,
 author = {{Xingang Pan, Jianping Shi, Ping Luo, Xiaogang Wang, Xiaoou Tang}},
 title = {Spatial As Deep: Spatial CNN for Traffic Scene Understanding},
 note = {Supplied as additional material {\tt reference/1712.06080.pdf}},
 year = 2017
}

@misc{LaneNet,
 author = {{Davy Neven, Bert De Brabandere, Stamatios Georgoulis, Marc Proesmans, Luc Van Gool}},
 title = {Towards End-to-End Lane Detection: an Instance Segmentation Approach},
 note = {Supplied as additional material {\tt reference/1802.05591.pdf}},
 year = 2018
}

@article{Alpher02,
author = {A. Alpher},
title = {Frobnication},
journal = {Journal of Foo},
volume = 12,
number = 1,
pages = {234--778},
year = 2002
}
